<record><leader>00000cas a2200000 a 4500</leader><controlfield tag="001">12541011</controlfield><controlfield tag="008">850912d18281831vaudn ne      0    0eng c</controlfield><datafield ind1=" " ind2=" " tag="010"><subfield code="a">sn 85026767 </subfield></datafield><datafield ind1=" " ind2=" " tag="040"><subfield code="a">NPX</subfield><subfield code="b">eng</subfield><subfield code="c">NPX</subfield><subfield code="d">NPU</subfield><subfield code="d">DLC</subfield><subfield code="d">NVF</subfield><subfield code="d">CNK</subfield><subfield code="d">NVK</subfield><subfield code="d">OCL</subfield><subfield code="d">NVF</subfield><subfield code="d">CRL</subfield><subfield code="d">CUI</subfield><subfield code="d">DLC</subfield><subfield code="d">OCLCQ</subfield><subfield code="d">OCLCF</subfield></datafield><datafield ind1=" " ind2=" " tag="019"><subfield code="a">228734062</subfield></datafield><datafield ind1="1" ind2=" " tag="029"><subfield code="a">AU@</subfield><subfield code="b">000020124640</subfield></datafield><datafield ind1=" " ind2=" " tag="042"><subfield code="a">pcc</subfield></datafield><datafield ind1=" " ind2=" " tag="043"><subfield code="a">n-us-va</subfield></datafield><datafield ind1="0" ind2="0" tag="050"><subfield code="a">Newspaper</subfield></datafield><datafield ind1=" " ind2="4" tag="050"><subfield code="a">AN</subfield></datafield><datafield ind1="0" ind2=" " tag="130"><subfield code="a">Daily Richmond Whig (Richmond, Va. : 1828)</subfield></datafield><datafield ind1="1" ind2="0" tag="245"><subfield code="a">Daily Richmond Whig.</subfield></datafield><datafield ind1="3" ind2="0" tag="246"><subfield code="a">Richmond Whig</subfield></datafield><datafield ind1=" " ind2=" " tag="260"><subfield code="a">Richmond, Va. :</subfield><subfield code="b">J.H. Pleasants, M. Smith &amp; W. Ramsay,</subfield><subfield code="c">1828-</subfield></datafield><datafield ind1=" " ind2=" " tag="300"><subfield code="a">v. :</subfield><subfield code="b">ill. ;</subfield><subfield code="c">56 cm.</subfield></datafield><datafield ind1=" " ind2=" " tag="310"><subfield code="a">Daily (except Sun.)</subfield></datafield><datafield ind1="0" ind2=" " tag="362"><subfield code="a">Vol. 1, no. 1 (Nov. 11, 1828)-</subfield></datafield><datafield ind1="1" ind2=" " tag="362"><subfield code="a">Ceased in July 1831.</subfield></datafield><datafield ind1=" " ind2=" " tag="500"><subfield code="a">Publisher varies: J.H. Pleasants, M. Smith, &amp; W. Ramsey, &lt;Jan. 7, 1829&gt;; Pleasants &amp; Co., &lt;Feb. 1829&gt;; Pleasants, Abbott &amp; Co., &lt;Mar, 3, 1829&gt;-Feb. 15, 1830; Pleasants &amp; Abbott, Feb. 16, 1830-&lt;Feb. 10, 1831&gt;</subfield></datafield><datafield ind1=" " ind2=" " tag="515"><subfield code="a">Vol. 1, no. 92 incorrectly dated: Feb. 30, 1829; constitutes issue for Mar. 2, 1829.</subfield></datafield><datafield ind1=" " ind2=" " tag="588"><subfield code="a">Latest issue consulted: Vol. 5, no. 34 (Feb. 10, 1831).</subfield></datafield><datafield ind1=" " ind2="0" tag="651"><subfield code="a">Richmond (Va.)</subfield><subfield code="v">Newspapers.</subfield></datafield><datafield ind1=" " ind2="7" tag="655"><subfield code="a">Newspapers.</subfield><subfield code="2">fast</subfield><subfield code="0">(OCoLC)fst01423814</subfield></datafield><datafield ind1=" " ind2="7" tag="651"><subfield code="a">Virginia</subfield><subfield code="z">Richmond.</subfield><subfield code="2">fast</subfield><subfield code="0">(OCoLC)fst01205345</subfield></datafield><datafield ind1=" " ind2=" " tag="752"><subfield code="a">United States</subfield><subfield code="b">Virginia</subfield><subfield code="d">Richmond.</subfield></datafield><datafield ind1="0" ind2=" " tag="775"><subfield code="t">Constitutional Whig (Richmond, Va. : Semiweekly)</subfield><subfield code="w">(DLC)sn 83045110</subfield><subfield code="w">(OCoLC)9308787</subfield></datafield><datafield ind1="0" ind2=" " tag="775"><subfield code="t">Constitutional Whig (Richmond, Va. : Triweekly)</subfield><subfield code="w">(DLC)sn 86090478</subfield><subfield code="w">(OCoLC)14996413</subfield></datafield><datafield ind1="0" ind2="0" tag="785"><subfield code="t">Richmond Whig &amp; commercial journal</subfield><subfield code="w">(DLC)sn 86071865</subfield><subfield code="w">(OCoLC)14156821</subfield></datafield></record>